@misc{fer:omre,
	title={Optical Networks, Lecture notes},
	author={Šipuš, Zvonimir and Komljenović, Tin and Bosiljevac, Marko},
	organization={University of Zagreb, Faculty of Electrical Engineering and Computing},
	year={2016}
}

@book{agrawal2005lightwave,
	title={Lightwave Technology: Telecommunication Systems},
	author={Agrawal, G.P.},
	year={2005},
	publisher={Wiley}
}


@book{krohnFundamentals,
	title={Fiber Optic Sensors: Fundamentals and Applications},
	author={Krohn, D.A.},
	year={2015},
	publisher={SPIE Press},
	edition={4th}
}

@misc{fer:oks,
	title={Optical Communication Systems, Lecture notes},
	author={Šipuš, Zvonimir and Komljenović, Tin and Bosiljevac, Marko},
	organization={University of Zagreb, Faculty of Electrical Engineering and Computing},
	year={2016}
}

@misc{fer:spus,
	title={Random Processes in Systems, Lecture notes},
	author={Lončarić, Sven},
	organization={University of Zagreb, Faculty of Electrical Engineering and Computing},
	year={2016}
}

@book{agrawal,
	title={Fiber-Optic Communication Systems},
	author={Agrawal, G.P.},
	series={Wiley Series in Microwave and Optical Engineering},
	year={2012},
	publisher={Wiley \& Sons},
	edition={4th}
}

@misc{chalmers:foc,
	title={Fiber Optic Communication, Lecture notes},
	author={Andrekson, P.},
	organization={Chalmers University of Technology},
	year={2016}
}

@article{Hiroishi2003,
	title={Development of highly nonlinear fibers for optical signal processing},
	author={Hiroishi, Jiro and Sugizaki, Ryuichi and Aso, Osamu and Tadakuma, Masateru and Shibuta, Taeko},
	year={2003},
	month={April},
	number={23},
	journal={Furukawa Review}
}

@book{agrawalNonlinear,
	title={Nonlinear Fiber Optics},
	author={Agrawal, G.P.},
	series={Optics and Photonics Series},
	year={2001},
	publisher={Academic Press},
	edition={3rd}
}

@article{Rogers1999,
	title={Distributed optical-fibre sensing},
	author={Rogers, A.},
	journal={Measurement Science and Technology},
	volume={10},
	number={8},
	month={August},
	year={1999}
}

@book{mitschke2010fiber,
	title={Fiber Optics: Physics and Technology},
	author={Mitschke, F.},
	year={2010},
	publisher={Springer Berlin Heidelberg}
}

@manual{UnderstandingOTDRs2000,
	title={{Understanding OTDRs}},
	organization={{GN Nettest}},
	year={2000}
}

@book{Hartog2017,
	title={An Introduction to Distributed Optical Fibre Sensors},
	author={Hartog, A.H.},
	series={Series in Fiber Optic Sensors},
	year={2017},
	publisher={CRC Press}
}

@article{Farahani1999,
	title={Spontaneous Raman Scattering in Optical Fibers with Modulated Probe Light for Distributed Temperature Raman Remote Sensing},
	author={Farahani, M.A. and Gogolla T.},
	year={1999},
	month={August},
	journal={IEEE Journal of Lightwave Technology},
	volume={17},
	number={8}
}

@manual{datasheet:laser,
	title={{NPL-1550-37-R User Manual}},
	organization={Optilab}
}

@manual{datasheet:pda10cf,
	title={{PDA10CF(-EC)	InGaAs Amplified Detector User Guide}},
	organization={Thorlabs}
}

@manual{datasheet:pda10cs,
	title={{PDA10CS(-EC) InGaAs Switchable Gain Detector User Guide}},
	organization={Thorlabs}
}

@manual{datasheet:apd130c,
	title={{APD130x Operation Manual}},
	organization={Thorlabs}
}

@manual{datasheet:daq,
	title={{NI PXIe-5160 Device Specifications}},
	organization={National Instruments}	
}

@manual{datasheet:tmp36,
	title={{Data Sheet TMP35/TMP36/TMP37}},
	organization={Analog Devices}
}

@manual{labview:filter,
	title={{LabVIEW LMS Filter example}},
	organization={National Instruments},
	url={http://www.ni.com/example/31220/en/},
	note={Accessed on June 24th, 2017}
}

@manual{G652,
	title={{ITU Recommendation G.652}},
	organization={International Telecommunication Union}
}

@manual{G651,
	title={{ITU Recommendation G.651}},
	organization={International Telecommunication Union}
}

@article{rayleigh_leakage1,
	title={Accuracy improvement of Raman distributed temperature sensors based on eliminating Rayleigh noise impact},
	author={Sun, B.N and Chang, J. and Lian, J. and et al.},
	journal={Optics Communications},
	volume={306},
	year={2013},
	pages={117–120}	
}
	
@article{rayleigh_leakage2,
	author={Alahbabi, M.N. and Cho, Y.T. and Newson, T.P.},
	title={Simultaneous temperature and strain measurement with combined spontaneous Raman and Brillouin scattering},
	journal={Optics Letters},
	number={11},
	volume={30},
	pages={1276-1278},
	year={2005}
}

@report{anc,
	title={Adaptive Noise Cancellation},
	author={Singh, A.},
	year={1997},
	institution={Dept. of Electronics & Communication, Netaji Subhas Institute of Technology}
}

@misc{fer:dos,
	title={Digital Signal Processing, Lecture notes},
	author={Petrinović, D.},
	organization={University of Zagreb, Faculty of Electrical Engineering and Computing},
	year={2016}	
}

@misc{mitlecture25,
	title={{Signal Processing: Continuous and Discrete}},
	note={{MIT OpenCourseWare}},
	author={Rowell, D.},
	year={2008},
	institute={Massachusetts Institute of Technology}
}

@misc{adaptivno0069,
	title={A Tutorial on Adaptive Control: The Self-tuning Approach},
	author={Vukić, Z.},
	institute={University of Zagreb, Faculty of Electrical Engineering and Computing},
	year={2000}
}

@book{haykin2003least,
	title={Least-Mean-Square Adaptive Filters},
	author={Haykin, S. and Widrow, B.},
	series={Adaptive and Cognitive Dynamic Systems: Signal Processing, Learning, Communications and Control},
	year={2003},
	publisher={Wiley \& Sons}
}

@misc{fer:obrinf,
	title={Information Processing, Lecture Notes},
	author={Seršić, D.},
	organization={University of Zagreb, Faculty of Electrical Engineering and Computing},
	year={2016}
}

@article{coding1,
	title={{SNR enhancement of Raman-based long-range distributed temperature sensors using cyclic Simplex codes}},
	author={Baronti, F. and Lazzeri, A. and Roncella, R. and et al.},
	journal={Electronics Letters},
	volume={46},
	number={17},
	year={2010},
	month={August}
}

@conference{coding2,
	title={{Analysis and Experimental Demonstration of Simplex Coding Technique for SNR Enhancement of OTDR}},
	author={Duckey Lee and Hosung Yoon and Na Young Kim and Hansuek Lee and Namkyoo Park},
	booktitle={IEEE Lightwave Technologies in Instrumentation \& Measurement Conference},
	address={Palisades, New York, USA},
	month={October},
	year={2004}
}

@article{coding3,
	title={Raman-Based Distributed Temperature Sensor With Simplex Coding and Link Optimization},
	author={Jonghan Park and Gabriele Bolognini and Duckey Lee and Pilhan Kim and Pilki Cho and Fabrizio Di Pasquale and Namkyoo Park},
	journal={IEEE Photonics Technology Letters},
	volume={18},
	number={17},
	month={September},
	year={2006},
	pages={1879-1881}
}

@article{coding4,
	title={{Using Simplex Codes to Improve OTDR Sensitivity}},
	author={Michael D. Jones},
	journal={IEEE Photonics Technology Letters},
	volume={15},
	number={7},
	month={July},
	year={1993}
}

@book{Hecht2015,
	title={Understanding Fiber Optics},
	author={Hecht, J.},
	year={2015},
	edition={5th},
	publisher={CreateSpace Independent Publishing Platform}
}

